Ann. Date,Quarter,Revenue,PBT,NP,NP to SH,NP Margin,ROE,EPS,DPS,NAPS,QoQ,YoY,Company
2025-03-12,2025-01-31,602080,34832,26227,24144,4.36%,3.71%,2.07,1.75,0.5584,-40.16%,-65.75%,Bermaz Auto Berhad
2024-12-12,2024-10-31,646861,57050,42711,40348,6.60%,5.41%,3.45,10.00,0.6374,-42.54%,-55.22%,Bermaz Auto Berhad
2024-09-11,2024-07-31,846180,97769,75378,70217,8.91%,9.40%,6.01,3.50,0.6398,-22.17%,-29.94%,Bermaz Auto Berhad
2024-06-11,2024-04-30,937525,130570,99583,90224,10.62%,10.99%,7.73,11.75,0.7033,27.97%,-10.33%,Bermaz Auto Berhad
2024-03-13,2024-01-31,896505,95069,74525,70503,8.31%,9.00%,6.04,4.25,0.6708,-21.75%,-19.23%,Bermaz Auto Berhad
2023-12-12,2023-10-31,1006951,122834,95721,90096,9.51%,11.71%,7.73,5.00,0.6604,-10.10%,37.19%,Bermaz Auto Berhad
2023-09-12,2023-07-31,1089278,140667,107901,100219,9.91%,13.61%,8.59,5.00,0.631,-0.40%,99.80%,Bermaz Auto Berhad
2023-06-12,2023-04-30,1072399,139533,107614,100622,10.03%,13.21%,8.63,11.00,0.6536,15.28%,27.85%,Bermaz Auto Berhad
2023-03-13,2023-01-31,975967,115516,92184,87288,9.45%,12.34%,7.50,4.50,0.6078,32.91%,114.41%,Bermaz Auto Berhad
2022-12-08,2022-10-31,782969,91589,70808,65673,9.04%,9.94%,5.65,3.50,0.5688,30.93%,152.21%,Bermaz Auto Berhad
2022-09-12,2022-07-31,716869,74566,56616,50159,7.90%,7.96%,4.32,3.00,0.542,-36.27%,388.55%,Bermaz Auto Berhad
2022-06-13,2022-04-30,897361,115432,80845,78704,9.01%,12.41%,6.77,4.50,0.5458,93.32%,17.77%,Bermaz Auto Berhad
2022-03-10,2022-01-31,623130,55112,42722,40711,6.86%,7.01%,3.50,2.25,0.4996,56.35%,23.06%,Bermaz Auto Berhad
2021-12-13,2021-10-31,483838,33549,24922,26039,5.15%,4.68%,2.24,1.50,0.4794,153.62%,5.04%,Bermaz Auto Berhad
2021-09-13,2021-07-31,320792,14477,10340,10267,3.22%,1.91%,0.88,0.50,0.4633,-84.64%,11.05%,Bermaz Auto Berhad
2021-06-18,2021-04-30,641197,83470,65870,66827,10.27%,11.78%,5.75,3.25,0.4883,102.00%,"2,617.65%",Bermaz Auto Berhad
2021-03-10,2021-01-31,597980,42208,32569,33082,5.45%,6.41%,2.85,1.50,0.4447,33.45%,21.85%,Bermaz Auto Berhad
2020-12-10,2020-10-31,599844,33900,24533,24790,4.09%,4.96%,2.13,1.25,0.4301,168.14%,21.59%,Bermaz Auto Berhad
2020-09-10,2020-07-31,448894,13115,8587,9245,1.91%,1.92%,0.80,0.50,0.4138,275.97%,-81.70%,Bermaz Auto Berhad
2020-06-11,2020-04-30,299360,3199,2056,2459,0.69%,0.52%,0.21,0.00,0.4041,-90.94%,-95.91%,Bermaz Auto Berhad
2020-03-16,2020-01-31,467463,34347,28382,27150,6.07%,5.68%,2.34,1.45,0.4118,33.17%,-66.49%,Bermaz Auto Berhad
2019-12-10,2019-10-31,457169,29188,21608,20388,4.73%,4.23%,1.76,2.75,0.4164,-59.64%,-72.42%,Bermaz Auto Berhad
2019-09-13,2019-07-31,535044,65037,51473,50515,9.62%,10.13%,4.35,3.25,0.4296,-15.89%,0.47%,Bermaz Auto Berhad
2019-06-12,2019-04-30,538277,77608,60188,60057,11.18%,10.60%,5.18,10.50,0.4881,-25.87%,5.02%,Bermaz Auto Berhad
2019-03-13,2019-01-31,778130,102821,81622,81013,10.49%,14.57%,6.99,4.50,0.479,9.60%,100.17%,Bermaz Auto Berhad
2018-12-12,2018-10-31,690318,94584,74619,73917,10.81%,14.33%,6.36,3.75,0.4442,47.02%,232.94%,Bermaz Auto Berhad
2018-09-13,2018-07-31,485396,67244,51593,50278,10.63%,10.60%,4.33,2.50,0.4085,-12.08%,148.81%,Bermaz Auto Berhad
2018-06-12,2018-04-30,570594,73671,58160,57187,10.19%,12.04%,4.93,5.00,0.4113,41.30%,157.47%,Bermaz Auto Berhad
2018-03-12,2018-01-31,559397,57236,44296,40472,7.92%,9.08%,3.50,2.30,0.386,82.30%,61.21%,Bermaz Auto Berhad
2017-12-08,2017-10-31,471707,34604,25504,22201,5.41%,5.19%,1.93,1.60,0.372,9.87%,-27.51%,Bermaz Auto Berhad
2017-09-11,2017-07-31,391228,31723,23158,20207,5.92%,4.73%,1.75,1.50,0.3698,-9.02%,-50.85%,Bermaz Auto Berhad
2017-06-13,2017-04-30,354032,32640,25651,22211,7.25%,5.00%,1.93,3.15,0.3861,-11.53%,-56.97%,Bermaz Auto Berhad
2017-03-14,2017-01-31,338683,38971,28428,25105,8.39%,5.51%,2.19,2.75,0.3975,-18.03%,-38.96%,Bermaz Auto Berhad
2016-12-08,2016-10-31,473171,46386,35132,30627,7.42%,6.69%,2.67,2.75,0.3989,-25.50%,-42.28%,Bermaz Auto Berhad
2016-09-08,2016-07-31,493616,58573,44249,41111,8.96%,9.00%,3.59,3.00,0.3991,-20.36%,-21.25%,Bermaz Auto Berhad
2016-06-13,2016-04-30,534712,73269,55781,51618,10.43%,9.72%,4.51,10.00,0.4642,25.51%,-6.60%,Bermaz Auto Berhad
2016-03-11,2016-01-31,522580,58223,44028,41128,8.43%,8.15%,3.60,2.15,0.4417,-22.49%,-11.60%,Bermaz Auto Berhad
2015-12-10,2015-10-31,542406,73700,55860,53063,10.30%,10.80%,4.66,2.50,0.4316,1.65%,-7.75%,Bermaz Auto Berhad
2015-09-10,2015-07-31,512545,73539,55030,52203,10.74%,11.33%,4.58,2.25,0.4044,-5.54%,-6.95%,Bermaz Auto Berhad
2015-06-11,2015-04-30,424343,77244,57011,55264,13.44%,11.61%,6.80,6.00,0.5859,18.79%,14.89%,Bermaz Auto Berhad
2025-02-27,2024-12-31,3965734,-35170,-56371,-46615,-1.42%,-0.63%,-2.41,0.00,3.83,-780.69%,-276.14%,DRB-HICOM Berhad
2024-11-21,2024-09-30,4133736,45864,11122,-5293,0.27%,-0.07%,-0.27,0.00,3.85,69.00%,-107.48%,DRB-HICOM Berhad
2024-08-28,2024-06-30,3758377,25934,2172,-17076,0.06%,-0.23%,-0.88,0.00,3.86,-118.65%,-150.66%,DRB-HICOM Berhad
2024-05-23,2024-03-31,4332917,210762,148849,91538,3.44%,1.19%,4.73,0.00,3.98,245.88%,-15.17%,DRB-HICOM Berhad
2024-02-29,2023-12-31,3769285,45668,40442,26465,1.07%,0.35%,1.37,0.00,3.93,-62.62%,126.45%,DRB-HICOM Berhad
2023-11-23,2023-09-30,3996174,115489,120725,70800,3.02%,0.94%,3.66,0.00,3.91,110.03%,-50.82%,DRB-HICOM Berhad
2023-08-24,2023-06-30,3981517,84945,74607,33709,1.87%,0.45%,1.74,0.00,3.87,-68.76%,-80.12%,DRB-HICOM Berhad
2023-05-26,2023-03-31,4103571,200766,158571,107907,3.86%,1.44%,5.58,0.00,3.88,207.84%,519.22%,DRB-HICOM Berhad
2023-02-21,2022-12-31,4347633,-73125,-79505,-100062,-1.83%,-1.36%,-5.18,0.00,3.81,-169.51%,-185.18%,DRB-HICOM Berhad
2022-11-24,2022-09-30,4540778,249960,221829,143953,4.89%,1.94%,7.45,0.00,3.83,-15.10%,180.22%,DRB-HICOM Berhad
2022-08-25,2022-06-30,3554047,229155,192597,169561,5.42%,2.33%,8.77,0.00,3.77,758.75%,177.96%,DRB-HICOM Berhad
2022-05-26,2022-03-31,3069558,4002,-43798,-25740,-1.43%,-0.36%,-1.33,0.00,3.71,-121.91%,-51.77%,DRB-HICOM Berhad
2022-02-24,2021-12-31,4124193,153371,183276,117472,4.44%,1.63%,6.08,0.00,3.73,165.47%,-88.09%,DRB-HICOM Berhad
2021-11-18,2021-09-30,2119955,-201420,-245445,-179438,-11.58%,-2.52%,-9.28,0.00,3.68,17.50%,-477.78%,DRB-HICOM Berhad
2021-08-17,2021-06-30,2622488,-279529,-300774,-217496,-11.47%,-2.98%,-11.25,0.00,3.77,"-1,182.41%",28.94%,DRB-HICOM Berhad
2021-05-31,2021-03-31,3511499,36311,13995,-16960,0.40%,-0.22%,-0.88,0.00,3.91,-101.72%,90.21%,DRB-HICOM Berhad
2021-02-24,2020-12-31,4850058,948779,1031091,985989,21.26%,13.01%,51.00,0.00,3.92,"1,975.85%",261.60%,DRB-HICOM Berhad
2020-11-26,2020-09-30,3563735,142424,110598,47498,3.10%,0.72%,2.46,0.00,3.39,115.52%,18.51%,DRB-HICOM Berhad
2020-08-28,2020-06-30,2004954,-365803,-377092,-306083,-18.81%,-4.68%,-15.83,0.00,3.38,-76.65%,-762.32%,DRB-HICOM Berhad
2020-06-25,2020-03-31,2736789,-185304,-215765,-173272,-7.88%,-2.55%,-8.96,0.00,3.52,-163.54%,-235.51%,DRB-HICOM Berhad
2020-02-28,2019-12-31,3504592,194715,243807,272677,6.96%,3.90%,14.10,0.00,3.62,580.37%,273.42%,DRB-HICOM Berhad
2019-11-28,2019-09-30,3594857,131024,85944,40078,2.39%,0.59%,2.07,0.00,3.49,-13.28%,450.98%,DRB-HICOM Berhad
2019-08-23,2019-06-30,3436857,146722,109373,46214,3.18%,0.68%,2.39,0.00,3.50,-63.86%,169.39%,DRB-HICOM Berhad
2019-05-30,2019-03-31,3466699,328794,219315,127862,6.33%,1.91%,6.61,0.00,3.47,75.10%,"1,345.37%",DRB-HICOM Berhad
2019-02-28,2018-12-31,3171514,96701,53338,73022,1.68%,1.11%,3.78,0.00,3.40,739.48%,225.57%,DRB-HICOM Berhad
2018-11-29,2018-09-30,3184425,-49240,-76704,-11419,-2.41%,-0.18%,-0.59,0.00,3.37,82.85%,-101.55%,DRB-HICOM Berhad
2018-08-28,2018-06-30,2654411,-94399,-144758,-66599,-5.45%,-1.02%,-3.44,0.00,3.39,-548.67%,60.76%,DRB-HICOM Berhad
2018-05-31,2018-03-31,3062011,-142641,-123323,-10267,-4.03%,-0.15%,-0.53,3.00,3.48,82.34%,96.88%,DRB-HICOM Berhad
2018-02-28,2017-12-31,3047426,-259890,-290947,-58152,-9.55%,-0.86%,-3.01,0.00,3.50,-107.90%,-116.53%,DRB-HICOM Berhad
2017-11-30,2017-09-30,3343628,890381,810925,736567,24.25%,10.76%,38.10,0.00,3.54,534.02%,337.88%,DRB-HICOM Berhad
2017-08-25,2017-06-30,3336612,-72720,-101349,-169707,-3.04%,-2.88%,-8.78,0.00,3.05,48.51%,-0.24%,DRB-HICOM Berhad
2017-05-30,2017-03-31,3481596,-258385,-264362,-329572,-7.59%,-5.43%,-17.05,1.00,3.14,-193.66%,58.32%,DRB-HICOM Berhad
2017-02-28,2016-12-31,3431927,419574,408626,351864,11.91%,5.53%,18.20,0.00,3.29,213.64%,289.87%,DRB-HICOM Berhad
2016-11-29,2016-09-30,2644233,-267548,-269678,-309633,-10.20%,-5.07%,-16.02,0.00,3.16,-82.89%,"-8,045.42%",DRB-HICOM Berhad
2016-08-30,2016-06-30,2500578,-121339,-139178,-169302,-5.57%,-2.66%,-8.76,0.00,3.29,78.59%,-758.62%,DRB-HICOM Berhad
2016-05-31,2016-03-31,2632776,-744332,-763094,-790760,-28.98%,-12.10%,-40.90,2.00,3.38,-326.70%,-979.72%,DRB-HICOM Berhad
2016-02-25,2015-12-31,3335988,-146285,-154612,-185319,-4.63%,-2.52%,-9.58,0.00,3.80,"-4,855.43%","-2,057.32%",DRB-HICOM Berhad
2015-11-26,2015-09-30,3253950,52671,36052,3897,1.11%,0.05%,0.20,0.00,3.91,119.76%,-95.81%,DRB-HICOM Berhad
2015-08-27,2015-06-30,2950227,16679,10896,-19718,0.37%,-0.26%,-1.02,0.00,3.93,-121.94%,-118.29%,DRB-HICOM Berhad
2015-05-28,2015-03-31,3209844,44554,103828,89888,3.23%,1.19%,4.65,4.50,3.92,849.39%,-45.94%,DRB-HICOM Berhad
2025-02-24,2024-12-31,17726000,555000,407000,305000,2.30%,1.65%,4.50,4.00,2.72,-61.87%,-86.67%,Sime Darby Berhad
2024-11-28,2024-09-30,18264000,1057000,884000,800000,4.84%,4.38%,11.70,0.00,2.67,798.88%,35.82%,Sime Darby Berhad
2024-08-27,2024-06-30,18793000,398000,151000,89000,0.80%,0.46%,1.30,10.00,2.84,-73.82%,-85.69%,Sime Darby Berhad
2024-05-23,2024-03-31,18835000,602000,440000,340000,2.34%,0.02%,5.00,0.00,2.81,-85.14%,41.67%,Sime Darby Berhad
2024-02-21,2023-12-31,15548000,452000,2340000,2288000,15.05%,11.99%,33.60,3.00,2.80,288.46%,488.17%,Sime Darby Berhad
2023-11-27,2023-09-30,13980000,728000,598000,589000,4.28%,3.54%,8.60,0.00,2.44,-5.31%,184.54%,Sime Darby Berhad
2023-08-24,2023-06-30,13286000,812000,636000,622000,4.79%,3.68%,9.10,10.00,2.48,159.17%,123.74%,Sime Darby Berhad
2023-05-24,2023-03-31,11528000,361000,253000,240000,2.19%,1.51%,3.50,0.00,2.33,-38.30%,-1.64%,Sime Darby Berhad
2023-02-23,2022-12-31,11292000,365000,396000,389000,3.51%,2.46%,5.70,3.00,2.32,87.92%,12.75%,Sime Darby Berhad
2022-11-24,2022-09-30,12182000,340000,227000,207000,1.86%,1.32%,3.10,0.00,2.31,-25.54%,-12.29%,Sime Darby Berhad
2022-08-17,2022-06-30,10851000,519000,281000,278000,2.59%,1.74%,4.10,7.50,2.35,13.93%,31.75%,Sime Darby Berhad
2022-05-24,2022-03-31,10572000,387000,264000,244000,2.50%,1.53%,3.60,0.00,2.34,-29.28%,-18.67%,Sime Darby Berhad
2022-02-16,2021-12-31,10536000,481000,375000,345000,3.56%,2.20%,5.10,4.00,2.31,46.19%,-45.50%,Sime Darby Berhad
2021-11-29,2021-09-30,10673000,374000,267000,236000,2.50%,1.54%,3.50,0.00,2.26,11.85%,-16.01%,Sime Darby Berhad
2021-08-25,2021-06-30,11342000,409000,231000,211000,2.04%,1.33%,3.10,9.00,2.33,-29.67%,19.21%,Sime Darby Berhad
2021-05-25,2021-03-31,11021000,446000,325000,300000,2.95%,1.92%,4.40,0.00,2.30,-52.61%,160.87%,Sime Darby Berhad
2021-02-25,2020-12-31,11243000,824000,668000,633000,5.94%,4.08%,9.30,6.00,2.28,125.27%,124.47%,Sime Darby Berhad
2020-11-26,2020-09-30,10877000,426000,306000,281000,2.81%,1.91%,4.10,0.00,2.16,58.76%,14.23%,Sime Darby Berhad
2020-08-27,2020-06-30,8821000,286000,189000,177000,2.14%,1.18%,2.60,8.00,2.21,53.91%,-3.80%,Sime Darby Berhad
2020-05-21,2020-03-31,8428000,224000,128000,115000,1.52%,0.81%,1.70,0.00,2.10,-59.22%,-48.20%,Sime Darby Berhad
2020-02-26,2019-12-31,10209000,413000,297000,282000,2.91%,1.94%,4.10,2.00,2.14,14.63%,-11.04%,Sime Darby Berhad
2019-11-26,2019-09-30,9476000,352000,259000,246000,2.73%,1.73%,3.60,0.00,2.09,33.70%,9.33%,Sime Darby Berhad
2019-08-27,2019-06-30,9323000,344000,202000,184000,2.17%,1.25%,2.70,8.00,2.16,-17.12%,12.88%,Sime Darby Berhad
2019-05-29,2019-03-31,8565000,308000,233000,222000,2.72%,1.53%,3.30,0.00,2.13,-29.97%,64.44%,Sime Darby Berhad
2019-02-21,2018-12-31,9423000,308000,337000,317000,3.58%,2.20%,4.70,2.00,2.12,40.89%,3.93%,Sime Darby Berhad
2018-11-21,2018-09-30,8845000,331000,238000,225000,2.69%,1.58%,3.30,0.00,2.09,38.04%,-82.90%,Sime Darby Berhad
2018-08-30,2018-06-30,8575000,341000,177000,163000,2.06%,1.14%,2.40,6.00,2.11,20.74%,-71.45%,Sime Darby Berhad
2018-05-25,2018-03-31,8294000,210000,148000,135000,1.78%,0.95%,2.00,0.00,2.08,-55.74%,-80.49%,Sime Darby Berhad
2018-02-22,2017-12-31,8815000,138000,344000,305000,3.90%,2.10%,4.50,2.00,2.14,-76.82%,-53.29%,Sime Darby Berhad
2017-11-16,2017-09-30,8144000,376000,1394000,1316000,17.12%,3.41%,19.30,0.00,5.67,130.47%,152.11%,Sime Darby Berhad
2017-08-25,2017-06-30,8200000,98000,625000,571000,7.62%,1.53%,8.40,17.00,5.49,-17.49%,-53.43%,Sime Darby Berhad
2017-05-31,2017-03-31,7867000,310000,768000,692000,9.76%,1.86%,10.20,0.00,5.48,5.97%,4.37%,Sime Darby Berhad
2017-02-27,2016-12-31,8086000,287000,709000,653000,8.77%,1.81%,9.80,6.00,5.44,25.10%,138.94%,Sime Darby Berhad
2016-11-25,2016-09-30,6934000,312000,579000,522000,8.35%,1.65%,8.20,0.00,5.00,-57.42%,61.61%,Sime Darby Berhad
2016-08-23,2016-06-30,7728000,318000,1306000,1226000,16.90%,3.78%,19.40,21.00,5.12,84.92%,22.23%,Sime Darby Berhad
2016-05-25,2016-03-31,10233000,791000,692000,663000,6.76%,2.13%,10.50,0.00,4.93,142.60%,59.91%,Sime Darby Berhad
2016-02-24,2015-12-31,11828943,463546,323942,273285,2.74%,0.88%,4.40,6.00,4.98,-15.39%,-37.52%,Sime Darby Berhad
2015-11-26,2015-09-30,10173000,461000,355000,323000,3.49%,1.01%,5.20,0.00,5.15,-67.80%,-35.49%,Sime Darby Berhad
2015-08-26,2015-06-30,12864460,1151517,1028159,1003034,7.99%,3.30%,16.14,19.00,4.89,141.92%,-15.92%,Sime Darby Berhad
2015-05-22,2015-03-31,9997803,630319,456275,414616,4.56%,1.67%,6.68,0.00,4.00,-5.21%,-51.37%,Sime Darby Berhad
2023-11-27,2023-09-30,4834088,326271,260332,173109,5.39%,3.56%,14.82,0.00,4.16,-42.97%,71.91%,Sime UMW Holdings Berhad
2023-08-29,2023-06-30,4484870,475950,385391,303551,8.59%,6.48%,25.98,0.00,4.01,125.76%,183.19%,Sime UMW Holdings Berhad
2023-05-26,2023-03-31,4379581,250731,203722,134460,4.65%,3.09%,11.51,0.00,3.73,26.90%,32.86%,Sime UMW Holdings Berhad
2023-02-27,2022-12-31,4375368,218637,172162,105954,3.93%,2.44%,9.07,11.20,3.72,5.22%,-55.85%,Sime UMW Holdings Berhad
2022-11-29,2022-09-30,4057465,231485,159361,100697,3.93%,2.34%,8.62,0.00,3.68,-6.06%,310.23%,Sime UMW Holdings Berhad
2022-08-26,2022-06-30,3730842,230047,173528,107189,4.65%,2.57%,9.17,0.00,3.57,5.91%,607.98%,Sime UMW Holdings Berhad
2022-05-24,2022-03-31,3650756,216289,172805,101206,4.73%,2.46%,8.66,0.00,3.52,-57.82%,4.05%,Sime UMW Holdings Berhad
2022-02-25,2021-12-31,3645110,270995,380330,239965,10.43%,5.84%,20.54,5.80,3.52,600.98%,74.60%,Sime UMW Holdings Berhad
2021-11-29,2021-09-30,2016350,16470,-9559,-47899,-0.47%,-1.24%,-4.10,0.00,3.31,-127.00%,-147.29%,Sime UMW Holdings Berhad
2021-08-26,2021-06-30,2445112,32587,21522,-21101,0.88%,-0.54%,-1.81,0.00,3.35,-121.69%,73.10%,Sime UMW Holdings Berhad
2021-05-24,2021-03-31,2954231,162698,123355,97265,4.18%,2.45%,8.33,0.00,3.3966,-29.23%,119.48%,Sime UMW Holdings Berhad
2021-02-25,2020-12-31,3242313,236901,210579,137440,6.49%,3.55%,11.76,4.00,3.3109,35.70%,-31.44%,Sime UMW Holdings Berhad
2020-11-25,2020-09-30,2663326,159543,117621,101282,4.42%,2.67%,8.67,0.00,3.2498,229.12%,-8.17%,Sime UMW Holdings Berhad
2020-08-27,2020-06-30,1529733,-58825,-54082,-78439,-3.54%,-2.13%,-6.71,0.00,3.1553,-277.00%,-237.16%,Sime UMW Holdings Berhad
2020-06-15,2020-03-31,2119193,63046,48805,44317,2.30%,1.18%,3.79,0.00,3.2039,-77.89%,-48.77%,Sime UMW Holdings Berhad
2020-02-27,2019-12-31,3115661,311671,272921,200460,8.76%,5.43%,17.15,2.00,3.1607,81.75%,"1,230.55%",Sime UMW Holdings Berhad
2019-11-28,2019-09-30,2882665,150305,131222,110293,4.55%,3.11%,9.44,4.00,3.0383,92.86%,-13.92%,Sime UMW Holdings Berhad
2019-11-20,2019-06-30,2966016,152135,113753,57189,3.84%,1.66%,4.90,0.00,2.954,-33.89%,-54.02%,Sime UMW Holdings Berhad
2019-05-21,2019-03-31,2774803,140676,110841,86502,3.99%,2.53%,7.40,0.00,2.9287,474.15%,16.76%,Sime UMW Holdings Berhad
2019-02-27,2018-12-31,2681828,103946,76128,15066,2.84%,0.45%,1.29,2.50,2.8475,-88.24%,103.48%,Sime UMW Holdings Berhad
2018-11-30,2018-09-30,3289976,233568,172071,128130,5.23%,3.90%,10.97,0.00,2.8142,3.02%,536.31%,Sime UMW Holdings Berhad
2018-08-29,2018-06-30,2919134,301339,139597,124376,4.78%,3.91%,10.65,0.00,2.7207,67.89%,159.42%,Sime UMW Holdings Berhad
2018-05-22,2018-03-31,2415339,147300,93794,74084,3.88%,2.37%,6.34,5.00,2.6772,117.12%,267.39%,Sime UMW Holdings Berhad
2018-02-27,2017-12-31,2954658,17584,-428673,-432670,-14.51%,-14.04%,-37.04,0.00,2.6384,"-1,373.32%",71.79%,Sime UMW Holdings Berhad
2017-11-28,2017-09-30,2671008,19932,-9825,-29367,-0.37%,-0.83%,-2.51,0.00,3.0141,85.97%,77.20%,Sime UMW Holdings Berhad
2017-08-28,2017-06-30,2785682,-11199,-224891,-209302,-8.07%,-5.92%,-17.92,0.00,3.026,"-1,137.95%","-1,625.92%",Sime UMW Holdings Berhad
2017-05-23,2017-03-31,2695150,138856,-10561,20165,-0.39%,0.42%,1.73,0.00,4.0733,101.31%,21.62%,Sime UMW Holdings Berhad
2017-02-27,2016-12-31,2937886,-542762,-2098242,-1533664,-71.42%,-32.50%,-131.27,0.00,4.0388,"-1,090.47%",-436.17%,Sime UMW Holdings Berhad
2016-11-29,2016-09-30,2807134,11415,-162876,-128828,-5.80%,-2.06%,-11.03,0.00,5.3455,-962.32%,"-1,052.66%",Sime UMW Holdings Berhad
2016-08-29,2016-06-30,2716796,108805,-3726,-12127,-0.14%,-0.19%,-1.04,0.00,5.4557,-173.14%,-117.72%,Sime UMW Holdings Berhad
2016-05-24,2016-03-31,2199164,21072,-4933,16580,-0.22%,0.26%,1.42,0.00,5.4309,105.80%,-89.96%,Sime UMW Holdings Berhad
2016-02-25,2015-12-31,4160904,-334250,-391571,-286040,-9.41%,-4.47%,-24.48,10.00,5.4754,"-2,215.21%",-469.23%,Sime UMW Holdings Berhad
2015-11-26,2015-09-30,3533179,72239,27912,13523,0.79%,0.20%,1.16,0.00,5.8332,-80.24%,-93.14%,Sime UMW Holdings Berhad
2015-08-26,2015-06-30,3485294,207624,133357,68438,3.83%,1.02%,5.86,10.00,5.7494,-58.56%,-51.79%,Sime UMW Holdings Berhad
2015-05-26,2015-03-31,3240373,320017,236011,165154,7.28%,2.50%,14.14,0.00,5.6516,113.19%,-29.88%,Sime UMW Holdings Berhad
2015-02-26,2014-12-31,3679729,289755,197251,77469,5.36%,1.18%,6.63,16.00,5.6325,-60.67%,-4.15%,Sime UMW Holdings Berhad
2014-11-26,2014-09-30,3702528,430271,329693,196996,8.90%,2.97%,16.86,15.00,5.6869,38.77%,94.18%,Sime UMW Holdings Berhad
2014-08-27,2014-06-30,3966828,422055,293967,141960,7.41%,2.17%,12.15,10.00,5.5998,-39.73%,-43.44%,Sime UMW Holdings Berhad
2014-05-23,2014-03-31,3583405,479379,392094,235545,10.94%,3.67%,20.16,0.00,5.4913,191.43%,7.23%,Sime UMW Holdings Berhad
2014-02-26,2013-12-31,3636340,314140,228088,80823,6.27%,1.28%,6.92,9.00,5.3842,-20.33%,-67.79%,Sime UMW Holdings Berhad
2025-02-28,2024-12-31,511214,-52077,-69022,-68054,-13.50%,-2.71%,-10.44,0.00,3.85,24.62%,-24.08%,Tan Chong Motor Holdings Berhad
2024-11-26,2024-09-30,462655,-103755,-89125,-90284,-19.26%,-3.52%,-13.85,0.00,3.93,-125.10%,-78.09%,Tan Chong Motor Holdings Berhad
2024-08-30,2024-06-30,545086,-42297,-42941,-40109,-7.88%,-1.50%,-6.15,0.00,4.10,-155.16%,-121.18%,Tan Chong Motor Holdings Berhad
2024-05-24,2024-03-31,563700,-16148,-19717,-15719,-3.50%,-0.58%,-2.41,1.00,4.17,71.34%,-210.35%,Tan Chong Motor Holdings Berhad
2024-02-29,2023-12-31,643830,-63312,-54285,-54847,-8.43%,-2.00%,-8.41,0.00,4.20,-8.19%,-22.67%,Tan Chong Motor Holdings Berhad
2023-11-27,2023-09-30,649820,-52331,-53804,-50696,-8.28%,-1.82%,-7.78,0.00,4.28,-179.56%,-837.07%,Tan Chong Motor Holdings Berhad
2023-08-28,2023-06-30,619191,-8049,-20017,-18134,-3.23%,-0.64%,-2.78,0.00,4.37,-258.03%,-390.42%,Tan Chong Motor Holdings Berhad
2023-05-24,2023-03-31,619885,2549,-5745,-5065,-0.93%,-0.18%,-0.78,1.00,4.41,88.67%,74.05%,Tan Chong Motor Holdings Berhad
2023-02-28,2022-12-31,738782,-37952,-43190,-44711,-5.85%,-1.53%,-6.86,0.00,4.48,-750.06%,-203.31%,Tan Chong Motor Holdings Berhad
2022-11-22,2022-09-30,729872,15727,5360,6878,0.73%,0.25%,1.05,1.50,4.22,10.15%,115.56%,Tan Chong Motor Holdings Berhad
2022-08-29,2022-06-30,814280,21377,4410,6244,0.54%,0.23%,0.96,0.00,4.23,131.99%,128.11%,Tan Chong Motor Holdings Berhad
2022-05-24,2022-03-31,769301,-13317,-21441,-19521,-2.79%,-0.70%,-2.99,1.50,4.25,-145.11%,-352.37%,Tan Chong Motor Holdings Berhad
2022-02-28,2021-12-31,866921,56958,46053,43279,5.31%,1.55%,6.64,0.00,4.28,197.91%,162.16%,Tan Chong Motor Holdings Berhad
2021-11-23,2021-09-30,439275,-42674,-46720,-44202,-10.64%,-1.61%,-6.78,0.00,4.20,-99.02%,-502.70%,Tan Chong Motor Holdings Berhad
2021-08-24,2021-06-30,638032,-18288,-24931,-22210,-3.91%,-0.80%,-3.41,0.00,4.28,-387.14%,72.01%,Tan Chong Motor Holdings Berhad
2021-05-24,2021-03-31,593079,22100,5401,7735,0.91%,0.27%,1.19,1.50,4.35,111.11%,183.52%,Tan Chong Motor Holdings Berhad
2021-03-31,2020-12-31,747897,-76889,-67445,-69625,-9.02%,-2.45%,-10.67,0.00,4.36,-849.35%,"-6,779.94%",Tan Chong Motor Holdings Berhad
2020-11-24,2020-09-30,964543,1722,-9998,-7334,-1.04%,-0.25%,-1.12,1.50,4.47,90.76%,-179.30%,Tan Chong Motor Holdings Berhad
2020-08-25,2020-06-30,512892,-86330,-84522,-79360,-16.48%,-2.72%,-12.16,0.00,4.48,-756.93%,-508.48%,Tan Chong Motor Holdings Berhad
2020-06-19,2020-03-31,734287,199,-14788,-9261,-2.01%,-0.31%,-1.42,0.00,4.59,-815.12%,-157.95%,Tan Chong Motor Holdings Berhad
2020-02-28,2019-12-31,974611,22944,2507,-1012,0.26%,-0.03%,-0.16,2.00,4.63,-110.94%,-101.96%,Tan Chong Motor Holdings Berhad
2019-11-26,2019-09-30,1050557,20849,7916,9248,0.75%,0.32%,1.42,0.00,4.37,-52.40%,-71.86%,Tan Chong Motor Holdings Berhad
2019-08-20,2019-06-30,1066674,40807,19052,19428,1.79%,0.68%,2.98,2.00,4.38,21.57%,57.15%,Tan Chong Motor Holdings Berhad
2019-05-14,2019-03-31,1080605,29727,17217,15981,1.59%,0.56%,2.45,0.00,4.38,-69.00%,275.85%,Tan Chong Motor Holdings Berhad
2019-02-25,2018-12-31,1166838,83728,52895,51556,4.53%,1.81%,7.90,2.00,4.36,56.88%,817.15%,Tan Chong Motor Holdings Berhad
2018-11-27,2018-09-30,1568434,56592,37687,32863,2.40%,1.17%,5.04,0.00,4.30,165.82%,242.34%,Tan Chong Motor Holdings Berhad
2018-08-14,2018-06-30,1088316,24805,9868,12363,0.91%,0.44%,1.89,2.00,4.28,190.76%,153.75%,Tan Chong Motor Holdings Berhad
2018-05-18,2018-03-31,1034618,13461,2087,4252,0.20%,0.15%,0.65,0.00,4.30,159.15%,112.04%,Tan Chong Motor Holdings Berhad
2018-02-27,2017-12-31,1075956,12591,-6232,-7189,-0.58%,-0.26%,-1.10,1.00,4.28,68.86%,-631.34%,Tan Chong Motor Holdings Berhad
2017-11-28,2017-09-30,1073262,-27146,-26700,-23087,-2.49%,-0.83%,-3.54,0.00,4.27,-0.38%,-412.93%,Tan Chong Motor Holdings Berhad
2017-08-25,2017-06-30,1196358,-22713,-25997,-22999,-2.17%,-0.82%,-3.52,1.00,4.32,34.89%,-57.67%,Tan Chong Motor Holdings Berhad
2017-05-04,2017-03-31,995652,-35543,-37460,-35322,-3.76%,-1.24%,-5.41,0.00,4.36,"-2,710.64%",5.07%,Tan Chong Motor Holdings Berhad
2017-02-28,2016-12-31,1402456,11419,-655,1353,-0.05%,0.05%,0.21,1.00,4.40,130.06%,-73.87%,Tan Chong Motor Holdings Berhad
2016-11-28,2016-09-30,1331578,-6272,-4612,-4501,-0.35%,-0.17%,-0.69,0.00,4.14,69.14%,-115.42%,Tan Chong Motor Holdings Berhad
2016-08-19,2016-06-30,1310940,-11483,-15334,-14587,-1.17%,-0.54%,-2.23,1.00,4.16,60.80%,-203.02%,Tan Chong Motor Holdings Berhad
2016-05-10,2016-03-31,1415783,-36744,-38433,-37208,-2.71%,-1.36%,-5.70,0.00,4.20,-818.72%,-241.22%,Tan Chong Motor Holdings Berhad
2016-02-23,2015-12-31,1510331,10972,3042,5177,0.20%,0.18%,0.79,3.00,4.28,-82.26%,-40.27%,Tan Chong Motor Holdings Berhad
2015-11-18,2015-09-30,1373595,37654,27994,29181,2.04%,1.04%,4.47,0.00,4.28,106.10%,"1,460.48%",Tan Chong Motor Holdings Berhad
2015-08-28,2015-06-30,1263668,22848,13162,14159,1.04%,0.51%,2.17,2.00,4.26,-46.26%,-73.70%,Tan Chong Motor Holdings Berhad
2015-05-13,2015-03-31,1569060,43778,25704,26348,1.64%,0.95%,4.04,0.00,4.26,204.00%,-36.47%,Tan Chong Motor Holdings Berhad
